@Comment А вот так оформляется библиография при помощи BibTeX.

@Book{Pup09,
  author =		 {Василий Пупкин and Эйнштейн, А.},
  title = 		 {\LaTeX для <<чайников>>},
  publisher = 	 {М.},
  year = 		 {2009},
  language =     "russian"
}

@Book{method,
  author = {Б. И. Клебанов},
  title = {Разработка WEB-систем бизнес-процесс менеджмента на базе BPM платформы Bizagi},
  year = 		 {2016},
  language =     "russian"
}

@misc{sql-requisites,
  title = {{Bizagi Studio: SQL Server requisites}},
  howpublished = "\url{http://help.bizagi.com/bpm-suite/en/prerequisites_sqlserver.htm}"
}